
@book{Pohl,
author={Pohl, Peter},
title={Grundkurs i numeriska metoder},
publisher={Liber},
address={Stockholm},
year={2005},
edition={1. uppl.},
ISBN={91-47-05292-9 (inb.)},
keywords={Numerisk analys},
}


@inproceedings{quantile_digest,
  title={Medians and beyond: new aggregation techniques for sensor networks},
  author={Shrivastava, Nisheeth and Buragohain, Chiranjeeb and Agrawal, Divyakant and Suri, Subhash},
  booktitle={Proceedings of the 2nd international conference on Embedded networked sensor systems},
  pages={239--249},
  year={2004},
  organization={ACM}


}@incollection{frugal_streaming,
  title={Frugal streaming for estimating quantiles},
  author={Ma, Qiang and Muthukrishnan, S and Sandler, Mark},
  booktitle={Space-Efficient Data Structures, Streams, and Algorithms},
  pages={77--96},
  year={2013},
  publisher={Springer}
}